@Manual{R-Fer,
  title = {Manual de R para el científico de datos},
  author = {{F. Villalba}},
  organization = {Amigos de R Murcia},
  address = {Murcia, España},
  year = {2017},
  url = {https://drive.google.com/file/d/1EoLm-rqr5eikmpodb90uIGyju6E1jBjZ/view?usp=sharing},
}
